%YAML 1.1
%TAG !u! tag:unity3d.com,2011:
--- !u!1 &343274086220870645
GameObject:
  m_ObjectHideFlags: 0
  m_CorrespondingSourceObject: {fileID: 0}
  m_PrefabInstance: {fileID: 0}
  m_PrefabAsset: {fileID: 0}
  serializedVersion: 6
  m_Component:
  - component: {fileID: 343274086220870646}
  m_Layer: 5
  m_Name: Configuration
  m_TagString: Untagged
  m_Icon: {fileID: 0}
  m_NavMeshLayer: 0
  m_StaticEditorFlags: 0
  m_IsActive: 1
--- !u!224 &343274086220870646
RectTransform:
  m_ObjectHideFlags: 0
  m_CorrespondingSourceObject: {fileID: 0}
  m_PrefabInstance: {fileID: 0}
  m_PrefabAsset: {fileID: 0}
  m_GameObject: {fileID: 343274086220870645}
  m_LocalRotation: {x: 0, y: 0, z: 0, w: 1}
  m_LocalPosition: {x: 0, y: 0, z: 0}
  m_LocalScale: {x: 1, y: 1, z: 1}
  m_Children:
  - {fileID: 8344942972534270682}
  - {fileID: 343274086096160736}
  - {fileID: 2188826531324109914}
  - {fileID: 8344942973857665488}
  - {fileID: 343274085988331374}
  - {fileID: 343274086412400899}
  - {fileID: 781711555231821960}
  m_Father: {fileID: 0}
  m_RootOrder: 0
  m_LocalEulerAnglesHint: {x: 0, y: 0, z: 0}
  m_AnchorMin: {x: 0, y: 0}
  m_AnchorMax: {x: 1, y: 1}
  m_AnchoredPosition: {x: 0, y: 0}
  m_SizeDelta: {x: 0, y: 0}
  m_Pivot: {x: 0.5, y: 0.5}
--- !u!1001 &343274084828070265
PrefabInstance:
  m_ObjectHideFlags: 0
  serializedVersion: 2
  m_Modification:
    m_TransformParent: {fileID: 343274086220870646}
    m_Modifications:
    - target: {fileID: 1919601978594321692, guid: a0a9714502ec0cf4a859d2f43aaa8043,
        type: 3}
      propertyPath: m_Name
      value: PopulationPanel
      objectReference: {fileID: 0}
    - target: {fileID: 1919601978594321699, guid: a0a9714502ec0cf4a859d2f43aaa8043,
        type: 3}
      propertyPath: m_LocalPosition.x
      value: 0
      objectReference: {fileID: 0}
    - target: {fileID: 1919601978594321699, guid: a0a9714502ec0cf4a859d2f43aaa8043,
        type: 3}
      propertyPath: m_LocalPosition.y
      value: 0
      objectReference: {fileID: 0}
    - target: {fileID: 1919601978594321699, guid: a0a9714502ec0cf4a859d2f43aaa8043,
        type: 3}
      propertyPath: m_LocalPosition.z
      value: 0
      objectReference: {fileID: 0}
    - target: {fileID: 1919601978594321699, guid: a0a9714502ec0cf4a859d2f43aaa8043,
        type: 3}
      propertyPath: m_LocalRotation.x
      value: -0
      objectReference: {fileID: 0}
    - target: {fileID: 1919601978594321699, guid: a0a9714502ec0cf4a859d2f43aaa8043,
        type: 3}
      propertyPath: m_LocalRotation.y
      value: -0
      objectReference: {fileID: 0}
    - target: {fileID: 1919601978594321699, guid: a0a9714502ec0cf4a859d2f43aaa8043,
        type: 3}
      propertyPath: m_LocalRotation.z
      value: -0
      objectReference: {fileID: 0}
    - target: {fileID: 1919601978594321699, guid: a0a9714502ec0cf4a859d2f43aaa8043,
        type: 3}
      propertyPath: m_LocalRotation.w
      value: 1
      objectReference: {fileID: 0}
    - target: {fileID: 1919601978594321699, guid: a0a9714502ec0cf4a859d2f43aaa8043,
        type: 3}
      propertyPath: m_RootOrder
      value: 2
      objectReference: {fileID: 0}
    - target: {fileID: 1919601978594321699, guid: a0a9714502ec0cf4a859d2f43aaa8043,
        type: 3}
      propertyPath: m_LocalEulerAnglesHint.x
      value: 0
      objectReference: {fileID: 0}
    - target: {fileID: 1919601978594321699, guid: a0a9714502ec0cf4a859d2f43aaa8043,
        type: 3}
      propertyPath: m_LocalEulerAnglesHint.y
      value: 0
      objectReference: {fileID: 0}
    - target: {fileID: 1919601978594321699, guid: a0a9714502ec0cf4a859d2f43aaa8043,
        type: 3}
      propertyPath: m_LocalEulerAnglesHint.z
      value: 0
      objectReference: {fileID: 0}
    - target: {fileID: 1919601978594321699, guid: a0a9714502ec0cf4a859d2f43aaa8043,
        type: 3}
      propertyPath: m_AnchoredPosition.x
      value: 0
      objectReference: {fileID: 0}
    - target: {fileID: 1919601978594321699, guid: a0a9714502ec0cf4a859d2f43aaa8043,
        type: 3}
      propertyPath: m_AnchoredPosition.y
      value: -377
      objectReference: {fileID: 0}
    - target: {fileID: 1919601978594321699, guid: a0a9714502ec0cf4a859d2f43aaa8043,
        type: 3}
      propertyPath: m_SizeDelta.x
      value: 0
      objectReference: {fileID: 0}
    - target: {fileID: 1919601978594321699, guid: a0a9714502ec0cf4a859d2f43aaa8043,
        type: 3}
      propertyPath: m_SizeDelta.y
      value: 0
      objectReference: {fileID: 0}
    - target: {fileID: 1919601978594321699, guid: a0a9714502ec0cf4a859d2f43aaa8043,
        type: 3}
      propertyPath: m_AnchorMin.x
      value: 0
      objectReference: {fileID: 0}
    - target: {fileID: 1919601978594321699, guid: a0a9714502ec0cf4a859d2f43aaa8043,
        type: 3}
      propertyPath: m_AnchorMin.y
      value: 1
      objectReference: {fileID: 0}
    - target: {fileID: 1919601978594321699, guid: a0a9714502ec0cf4a859d2f43aaa8043,
        type: 3}
      propertyPath: m_AnchorMax.x
      value: 0
      objectReference: {fileID: 0}
    - target: {fileID: 1919601978594321699, guid: a0a9714502ec0cf4a859d2f43aaa8043,
        type: 3}
      propertyPath: m_AnchorMax.y
      value: 1
      objectReference: {fileID: 0}
    - target: {fileID: 1919601978594321699, guid: a0a9714502ec0cf4a859d2f43aaa8043,
        type: 3}
      propertyPath: m_Pivot.x
      value: 0
      objectReference: {fileID: 0}
    - target: {fileID: 1919601978594321699, guid: a0a9714502ec0cf4a859d2f43aaa8043,
        type: 3}
      propertyPath: m_Pivot.y
      value: 1
      objectReference: {fileID: 0}
    m_RemovedComponents: []
  m_SourcePrefab: {fileID: 100100000, guid: a0a9714502ec0cf4a859d2f43aaa8043, type: 3}
--- !u!224 &2188826531324109914 stripped
RectTransform:
  m_CorrespondingSourceObject: {fileID: 1919601978594321699, guid: a0a9714502ec0cf4a859d2f43aaa8043,
    type: 3}
  m_PrefabInstance: {fileID: 343274084828070265}
  m_PrefabAsset: {fileID: 0}
--- !u!114 &2188826531324109912 stripped
MonoBehaviour:
  m_CorrespondingSourceObject: {fileID: 1919601978594321697, guid: a0a9714502ec0cf4a859d2f43aaa8043,
    type: 3}
  m_PrefabInstance: {fileID: 343274084828070265}
  m_PrefabAsset: {fileID: 0}
  m_GameObject: {fileID: 0}
  m_Enabled: 1
  m_EditorHideFlags: 0
  m_Script: {fileID: 11500000, guid: b33cb52ea0074170ac28d1448b3673b8, type: 3}
  m_Name: 
  m_EditorClassIdentifier: 
--- !u!1001 &343274085548530779
PrefabInstance:
  m_ObjectHideFlags: 0
  serializedVersion: 2
  m_Modification:
    m_TransformParent: {fileID: 343274086220870646}
    m_Modifications:
    - target: {fileID: 8578438776043058816, guid: 6a3030fc2010c844eae2570434103db0,
        type: 3}
      propertyPath: m_Name
      value: EnergyPanel
      objectReference: {fileID: 0}
    - target: {fileID: 8578438776043058817, guid: 6a3030fc2010c844eae2570434103db0,
        type: 3}
      propertyPath: m_LocalPosition.x
      value: 0
      objectReference: {fileID: 0}
    - target: {fileID: 8578438776043058817, guid: 6a3030fc2010c844eae2570434103db0,
        type: 3}
      propertyPath: m_LocalPosition.y
      value: 0
      objectReference: {fileID: 0}
    - target: {fileID: 8578438776043058817, guid: 6a3030fc2010c844eae2570434103db0,
        type: 3}
      propertyPath: m_LocalPosition.z
      value: 0
      objectReference: {fileID: 0}
    - target: {fileID: 8578438776043058817, guid: 6a3030fc2010c844eae2570434103db0,
        type: 3}
      propertyPath: m_LocalRotation.x
      value: 0
      objectReference: {fileID: 0}
    - target: {fileID: 8578438776043058817, guid: 6a3030fc2010c844eae2570434103db0,
        type: 3}
      propertyPath: m_LocalRotation.y
      value: 0
      objectReference: {fileID: 0}
    - target: {fileID: 8578438776043058817, guid: 6a3030fc2010c844eae2570434103db0,
        type: 3}
      propertyPath: m_LocalRotation.z
      value: 0
      objectReference: {fileID: 0}
    - target: {fileID: 8578438776043058817, guid: 6a3030fc2010c844eae2570434103db0,
        type: 3}
      propertyPath: m_LocalRotation.w
      value: 1
      objectReference: {fileID: 0}
    - target: {fileID: 8578438776043058817, guid: 6a3030fc2010c844eae2570434103db0,
        type: 3}
      propertyPath: m_RootOrder
      value: 0
      objectReference: {fileID: 0}
    - target: {fileID: 8578438776043058817, guid: 6a3030fc2010c844eae2570434103db0,
        type: 3}
      propertyPath: m_LocalEulerAnglesHint.x
      value: 0
      objectReference: {fileID: 0}
    - target: {fileID: 8578438776043058817, guid: 6a3030fc2010c844eae2570434103db0,
        type: 3}
      propertyPath: m_LocalEulerAnglesHint.y
      value: 0
      objectReference: {fileID: 0}
    - target: {fileID: 8578438776043058817, guid: 6a3030fc2010c844eae2570434103db0,
        type: 3}
      propertyPath: m_LocalEulerAnglesHint.z
      value: 0
      objectReference: {fileID: 0}
    - target: {fileID: 8578438776043058817, guid: 6a3030fc2010c844eae2570434103db0,
        type: 3}
      propertyPath: m_AnchoredPosition.x
      value: 0
      objectReference: {fileID: 0}
    - target: {fileID: 8578438776043058817, guid: 6a3030fc2010c844eae2570434103db0,
        type: 3}
      propertyPath: m_AnchoredPosition.y
      value: 0
      objectReference: {fileID: 0}
    - target: {fileID: 8578438776043058817, guid: 6a3030fc2010c844eae2570434103db0,
        type: 3}
      propertyPath: m_SizeDelta.x
      value: 0
      objectReference: {fileID: 0}
    - target: {fileID: 8578438776043058817, guid: 6a3030fc2010c844eae2570434103db0,
        type: 3}
      propertyPath: m_SizeDelta.y
      value: 0
      objectReference: {fileID: 0}
    - target: {fileID: 8578438776043058817, guid: 6a3030fc2010c844eae2570434103db0,
        type: 3}
      propertyPath: m_AnchorMin.x
      value: 0
      objectReference: {fileID: 0}
    - target: {fileID: 8578438776043058817, guid: 6a3030fc2010c844eae2570434103db0,
        type: 3}
      propertyPath: m_AnchorMin.y
      value: 1
      objectReference: {fileID: 0}
    - target: {fileID: 8578438776043058817, guid: 6a3030fc2010c844eae2570434103db0,
        type: 3}
      propertyPath: m_AnchorMax.x
      value: 0
      objectReference: {fileID: 0}
    - target: {fileID: 8578438776043058817, guid: 6a3030fc2010c844eae2570434103db0,
        type: 3}
      propertyPath: m_AnchorMax.y
      value: 1
      objectReference: {fileID: 0}
    - target: {fileID: 8578438776043058817, guid: 6a3030fc2010c844eae2570434103db0,
        type: 3}
      propertyPath: m_Pivot.x
      value: 0
      objectReference: {fileID: 0}
    - target: {fileID: 8578438776043058817, guid: 6a3030fc2010c844eae2570434103db0,
        type: 3}
      propertyPath: m_Pivot.y
      value: 1
      objectReference: {fileID: 0}
    m_RemovedComponents: []
  m_SourcePrefab: {fileID: 100100000, guid: 6a3030fc2010c844eae2570434103db0, type: 3}
--- !u!224 &8344942972534270682 stripped
RectTransform:
  m_CorrespondingSourceObject: {fileID: 8578438776043058817, guid: 6a3030fc2010c844eae2570434103db0,
    type: 3}
  m_PrefabInstance: {fileID: 343274085548530779}
  m_PrefabAsset: {fileID: 0}
--- !u!114 &8344942972534270660 stripped
MonoBehaviour:
  m_CorrespondingSourceObject: {fileID: 8578438776043058847, guid: 6a3030fc2010c844eae2570434103db0,
    type: 3}
  m_PrefabInstance: {fileID: 343274085548530779}
  m_PrefabAsset: {fileID: 0}
  m_GameObject: {fileID: 0}
  m_Enabled: 1
  m_EditorHideFlags: 0
  m_Script: {fileID: 11500000, guid: 2dfc7bce33e6afd428cb82cb485a2c52, type: 3}
  m_Name: 
  m_EditorClassIdentifier: 
--- !u!1001 &1891096544642230158
PrefabInstance:
  m_ObjectHideFlags: 0
  serializedVersion: 2
  m_Modification:
    m_TransformParent: {fileID: 343274086220870646}
    m_Modifications:
    - target: {fileID: 2232953908853317737, guid: eac9273a213ec83478498794f7f7b9db,
        type: 3}
      propertyPath: m_Name
      value: ReproductionPanel
      objectReference: {fileID: 0}
    - target: {fileID: 2232953908853317742, guid: eac9273a213ec83478498794f7f7b9db,
        type: 3}
      propertyPath: m_LocalPosition.x
      value: 0
      objectReference: {fileID: 0}
    - target: {fileID: 2232953908853317742, guid: eac9273a213ec83478498794f7f7b9db,
        type: 3}
      propertyPath: m_LocalPosition.y
      value: 0
      objectReference: {fileID: 0}
    - target: {fileID: 2232953908853317742, guid: eac9273a213ec83478498794f7f7b9db,
        type: 3}
      propertyPath: m_LocalPosition.z
      value: 0
      objectReference: {fileID: 0}
    - target: {fileID: 2232953908853317742, guid: eac9273a213ec83478498794f7f7b9db,
        type: 3}
      propertyPath: m_LocalRotation.x
      value: -0
      objectReference: {fileID: 0}
    - target: {fileID: 2232953908853317742, guid: eac9273a213ec83478498794f7f7b9db,
        type: 3}
      propertyPath: m_LocalRotation.y
      value: -0
      objectReference: {fileID: 0}
    - target: {fileID: 2232953908853317742, guid: eac9273a213ec83478498794f7f7b9db,
        type: 3}
      propertyPath: m_LocalRotation.z
      value: -0
      objectReference: {fileID: 0}
    - target: {fileID: 2232953908853317742, guid: eac9273a213ec83478498794f7f7b9db,
        type: 3}
      propertyPath: m_LocalRotation.w
      value: 1
      objectReference: {fileID: 0}
    - target: {fileID: 2232953908853317742, guid: eac9273a213ec83478498794f7f7b9db,
        type: 3}
      propertyPath: m_RootOrder
      value: 1
      objectReference: {fileID: 0}
    - target: {fileID: 2232953908853317742, guid: eac9273a213ec83478498794f7f7b9db,
        type: 3}
      propertyPath: m_LocalEulerAnglesHint.x
      value: 0
      objectReference: {fileID: 0}
    - target: {fileID: 2232953908853317742, guid: eac9273a213ec83478498794f7f7b9db,
        type: 3}
      propertyPath: m_LocalEulerAnglesHint.y
      value: 0
      objectReference: {fileID: 0}
    - target: {fileID: 2232953908853317742, guid: eac9273a213ec83478498794f7f7b9db,
        type: 3}
      propertyPath: m_LocalEulerAnglesHint.z
      value: 0
      objectReference: {fileID: 0}
    - target: {fileID: 2232953908853317742, guid: eac9273a213ec83478498794f7f7b9db,
        type: 3}
      propertyPath: m_AnchoredPosition.x
      value: 0
      objectReference: {fileID: 0}
    - target: {fileID: 2232953908853317742, guid: eac9273a213ec83478498794f7f7b9db,
        type: 3}
      propertyPath: m_AnchoredPosition.y
      value: -162
      objectReference: {fileID: 0}
    - target: {fileID: 2232953908853317742, guid: eac9273a213ec83478498794f7f7b9db,
        type: 3}
      propertyPath: m_SizeDelta.x
      value: 0
      objectReference: {fileID: 0}
    - target: {fileID: 2232953908853317742, guid: eac9273a213ec83478498794f7f7b9db,
        type: 3}
      propertyPath: m_SizeDelta.y
      value: 0
      objectReference: {fileID: 0}
    - target: {fileID: 2232953908853317742, guid: eac9273a213ec83478498794f7f7b9db,
        type: 3}
      propertyPath: m_AnchorMin.x
      value: 0
      objectReference: {fileID: 0}
    - target: {fileID: 2232953908853317742, guid: eac9273a213ec83478498794f7f7b9db,
        type: 3}
      propertyPath: m_AnchorMin.y
      value: 1
      objectReference: {fileID: 0}
    - target: {fileID: 2232953908853317742, guid: eac9273a213ec83478498794f7f7b9db,
        type: 3}
      propertyPath: m_AnchorMax.x
      value: 0
      objectReference: {fileID: 0}
    - target: {fileID: 2232953908853317742, guid: eac9273a213ec83478498794f7f7b9db,
        type: 3}
      propertyPath: m_AnchorMax.y
      value: 1
      objectReference: {fileID: 0}
    - target: {fileID: 2232953908853317742, guid: eac9273a213ec83478498794f7f7b9db,
        type: 3}
      propertyPath: m_Pivot.x
      value: 0
      objectReference: {fileID: 0}
    - target: {fileID: 2232953908853317742, guid: eac9273a213ec83478498794f7f7b9db,
        type: 3}
      propertyPath: m_Pivot.y
      value: 1
      objectReference: {fileID: 0}
    - target: {fileID: 1628554977520419354, guid: eac9273a213ec83478498794f7f7b9db,
        type: 3}
      propertyPath: m_textInfo.lineCount
      value: 1
      objectReference: {fileID: 0}
    - target: {fileID: 1628554977162147367, guid: eac9273a213ec83478498794f7f7b9db,
        type: 3}
      propertyPath: m_textInfo.lineCount
      value: 1
      objectReference: {fileID: 0}
    m_RemovedComponents: []
  m_SourcePrefab: {fileID: 100100000, guid: eac9273a213ec83478498794f7f7b9db, type: 3}
--- !u!224 &343274086096160736 stripped
RectTransform:
  m_CorrespondingSourceObject: {fileID: 2232953908853317742, guid: eac9273a213ec83478498794f7f7b9db,
    type: 3}
  m_PrefabInstance: {fileID: 1891096544642230158}
  m_PrefabAsset: {fileID: 0}
--- !u!114 &343274086096160738 stripped
MonoBehaviour:
  m_CorrespondingSourceObject: {fileID: 2232953908853317740, guid: eac9273a213ec83478498794f7f7b9db,
    type: 3}
  m_PrefabInstance: {fileID: 1891096544642230158}
  m_PrefabAsset: {fileID: 0}
  m_GameObject: {fileID: 0}
  m_Enabled: 1
  m_EditorHideFlags: 0
  m_Script: {fileID: 11500000, guid: 28a6261b85fb476ea3c0676201f08f73, type: 3}
  m_Name: 
  m_EditorClassIdentifier: 
--- !u!1001 &2185688186052240582
PrefabInstance:
  m_ObjectHideFlags: 0
  serializedVersion: 2
  m_Modification:
    m_TransformParent: {fileID: 343274086220870646}
    m_Modifications:
    - target: {fileID: 7897676268462994711, guid: e9c80a06a5841aa44894ecf09d46cbc0,
        type: 3}
      propertyPath: m_Name
      value: CreatureAttributesPanel
      objectReference: {fileID: 0}
    - target: {fileID: 7897676268462994710, guid: e9c80a06a5841aa44894ecf09d46cbc0,
        type: 3}
      propertyPath: m_LocalPosition.x
      value: 0
      objectReference: {fileID: 0}
    - target: {fileID: 7897676268462994710, guid: e9c80a06a5841aa44894ecf09d46cbc0,
        type: 3}
      propertyPath: m_LocalPosition.y
      value: 0
      objectReference: {fileID: 0}
    - target: {fileID: 7897676268462994710, guid: e9c80a06a5841aa44894ecf09d46cbc0,
        type: 3}
      propertyPath: m_LocalPosition.z
      value: 0
      objectReference: {fileID: 0}
    - target: {fileID: 7897676268462994710, guid: e9c80a06a5841aa44894ecf09d46cbc0,
        type: 3}
      propertyPath: m_LocalRotation.x
      value: -0
      objectReference: {fileID: 0}
    - target: {fileID: 7897676268462994710, guid: e9c80a06a5841aa44894ecf09d46cbc0,
        type: 3}
      propertyPath: m_LocalRotation.y
      value: -0
      objectReference: {fileID: 0}
    - target: {fileID: 7897676268462994710, guid: e9c80a06a5841aa44894ecf09d46cbc0,
        type: 3}
      propertyPath: m_LocalRotation.z
      value: -0
      objectReference: {fileID: 0}
    - target: {fileID: 7897676268462994710, guid: e9c80a06a5841aa44894ecf09d46cbc0,
        type: 3}
      propertyPath: m_LocalRotation.w
      value: 1
      objectReference: {fileID: 0}
    - target: {fileID: 7897676268462994710, guid: e9c80a06a5841aa44894ecf09d46cbc0,
        type: 3}
      propertyPath: m_RootOrder
      value: 3
      objectReference: {fileID: 0}
    - target: {fileID: 7897676268462994710, guid: e9c80a06a5841aa44894ecf09d46cbc0,
        type: 3}
      propertyPath: m_LocalEulerAnglesHint.x
      value: 0
      objectReference: {fileID: 0}
    - target: {fileID: 7897676268462994710, guid: e9c80a06a5841aa44894ecf09d46cbc0,
        type: 3}
      propertyPath: m_LocalEulerAnglesHint.y
      value: 0
      objectReference: {fileID: 0}
    - target: {fileID: 7897676268462994710, guid: e9c80a06a5841aa44894ecf09d46cbc0,
        type: 3}
      propertyPath: m_LocalEulerAnglesHint.z
      value: 0
      objectReference: {fileID: 0}
    - target: {fileID: 7897676268462994710, guid: e9c80a06a5841aa44894ecf09d46cbc0,
        type: 3}
      propertyPath: m_AnchoredPosition.x
      value: 0
      objectReference: {fileID: 0}
    - target: {fileID: 7897676268462994710, guid: e9c80a06a5841aa44894ecf09d46cbc0,
        type: 3}
      propertyPath: m_AnchoredPosition.y
      value: 0
      objectReference: {fileID: 0}
    - target: {fileID: 7897676268462994710, guid: e9c80a06a5841aa44894ecf09d46cbc0,
        type: 3}
      propertyPath: m_SizeDelta.x
      value: 0
      objectReference: {fileID: 0}
    - target: {fileID: 7897676268462994710, guid: e9c80a06a5841aa44894ecf09d46cbc0,
        type: 3}
      propertyPath: m_SizeDelta.y
      value: 0
      objectReference: {fileID: 0}
    - target: {fileID: 7897676268462994710, guid: e9c80a06a5841aa44894ecf09d46cbc0,
        type: 3}
      propertyPath: m_AnchorMin.x
      value: 1
      objectReference: {fileID: 0}
    - target: {fileID: 7897676268462994710, guid: e9c80a06a5841aa44894ecf09d46cbc0,
        type: 3}
      propertyPath: m_AnchorMin.y
      value: 1
      objectReference: {fileID: 0}
    - target: {fileID: 7897676268462994710, guid: e9c80a06a5841aa44894ecf09d46cbc0,
        type: 3}
      propertyPath: m_AnchorMax.x
      value: 1
      objectReference: {fileID: 0}
    - target: {fileID: 7897676268462994710, guid: e9c80a06a5841aa44894ecf09d46cbc0,
        type: 3}
      propertyPath: m_AnchorMax.y
      value: 1
      objectReference: {fileID: 0}
    - target: {fileID: 7897676268462994710, guid: e9c80a06a5841aa44894ecf09d46cbc0,
        type: 3}
      propertyPath: m_Pivot.x
      value: 1
      objectReference: {fileID: 0}
    - target: {fileID: 7897676268462994710, guid: e9c80a06a5841aa44894ecf09d46cbc0,
        type: 3}
      propertyPath: m_Pivot.y
      value: 1
      objectReference: {fileID: 0}
    m_RemovedComponents: []
  m_SourcePrefab: {fileID: 100100000, guid: e9c80a06a5841aa44894ecf09d46cbc0, type: 3}
--- !u!224 &8344942973857665488 stripped
RectTransform:
  m_CorrespondingSourceObject: {fileID: 7897676268462994710, guid: e9c80a06a5841aa44894ecf09d46cbc0,
    type: 3}
  m_PrefabInstance: {fileID: 2185688186052240582}
  m_PrefabAsset: {fileID: 0}
--- !u!114 &8344942973857665490 stripped
MonoBehaviour:
  m_CorrespondingSourceObject: {fileID: 7897676268462994708, guid: e9c80a06a5841aa44894ecf09d46cbc0,
    type: 3}
  m_PrefabInstance: {fileID: 2185688186052240582}
  m_PrefabAsset: {fileID: 0}
  m_GameObject: {fileID: 0}
  m_Enabled: 1
  m_EditorHideFlags: 0
  m_Script: {fileID: 11500000, guid: a43c1a48056e403ca961f82e7110c0b7, type: 3}
  m_Name: 
  m_EditorClassIdentifier: 
--- !u!1001 &2312473870278693226
PrefabInstance:
  m_ObjectHideFlags: 0
  serializedVersion: 2
  m_Modification:
    m_TransformParent: {fileID: 343274086220870646}
    m_Modifications:
    - target: {fileID: 3084609774239392227, guid: abf6d9ed5fb22ea41993dea3b58c3abe,
        type: 3}
      propertyPath: m_Name
      value: CameraModePanel
      objectReference: {fileID: 0}
    - target: {fileID: 3084609774239392226, guid: abf6d9ed5fb22ea41993dea3b58c3abe,
        type: 3}
      propertyPath: m_LocalPosition.x
      value: 0
      objectReference: {fileID: 0}
    - target: {fileID: 3084609774239392226, guid: abf6d9ed5fb22ea41993dea3b58c3abe,
        type: 3}
      propertyPath: m_LocalPosition.y
      value: 0
      objectReference: {fileID: 0}
    - target: {fileID: 3084609774239392226, guid: abf6d9ed5fb22ea41993dea3b58c3abe,
        type: 3}
      propertyPath: m_LocalPosition.z
      value: 0
      objectReference: {fileID: 0}
    - target: {fileID: 3084609774239392226, guid: abf6d9ed5fb22ea41993dea3b58c3abe,
        type: 3}
      propertyPath: m_LocalRotation.x
      value: -0
      objectReference: {fileID: 0}
    - target: {fileID: 3084609774239392226, guid: abf6d9ed5fb22ea41993dea3b58c3abe,
        type: 3}
      propertyPath: m_LocalRotation.y
      value: -0
      objectReference: {fileID: 0}
    - target: {fileID: 3084609774239392226, guid: abf6d9ed5fb22ea41993dea3b58c3abe,
        type: 3}
      propertyPath: m_LocalRotation.z
      value: -0
      objectReference: {fileID: 0}
    - target: {fileID: 3084609774239392226, guid: abf6d9ed5fb22ea41993dea3b58c3abe,
        type: 3}
      propertyPath: m_LocalRotation.w
      value: 1
      objectReference: {fileID: 0}
    - target: {fileID: 3084609774239392226, guid: abf6d9ed5fb22ea41993dea3b58c3abe,
        type: 3}
      propertyPath: m_RootOrder
      value: 6
      objectReference: {fileID: 0}
    - target: {fileID: 3084609774239392226, guid: abf6d9ed5fb22ea41993dea3b58c3abe,
        type: 3}
      propertyPath: m_LocalEulerAnglesHint.x
      value: 0
      objectReference: {fileID: 0}
    - target: {fileID: 3084609774239392226, guid: abf6d9ed5fb22ea41993dea3b58c3abe,
        type: 3}
      propertyPath: m_LocalEulerAnglesHint.y
      value: 0
      objectReference: {fileID: 0}
    - target: {fileID: 3084609774239392226, guid: abf6d9ed5fb22ea41993dea3b58c3abe,
        type: 3}
      propertyPath: m_LocalEulerAnglesHint.z
      value: 0
      objectReference: {fileID: 0}
    - target: {fileID: 3084609774239392226, guid: abf6d9ed5fb22ea41993dea3b58c3abe,
        type: 3}
      propertyPath: m_AnchoredPosition.x
      value: 0
      objectReference: {fileID: 0}
    - target: {fileID: 3084609774239392226, guid: abf6d9ed5fb22ea41993dea3b58c3abe,
        type: 3}
      propertyPath: m_AnchoredPosition.y
      value: 0
      objectReference: {fileID: 0}
    - target: {fileID: 3084609774239392226, guid: abf6d9ed5fb22ea41993dea3b58c3abe,
        type: 3}
      propertyPath: m_SizeDelta.x
      value: 360
      objectReference: {fileID: 0}
    - target: {fileID: 3084609774239392226, guid: abf6d9ed5fb22ea41993dea3b58c3abe,
        type: 3}
      propertyPath: m_SizeDelta.y
      value: 50
      objectReference: {fileID: 0}
    - target: {fileID: 3084609774239392226, guid: abf6d9ed5fb22ea41993dea3b58c3abe,
        type: 3}
      propertyPath: m_AnchorMin.x
      value: 1
      objectReference: {fileID: 0}
    - target: {fileID: 3084609774239392226, guid: abf6d9ed5fb22ea41993dea3b58c3abe,
        type: 3}
      propertyPath: m_AnchorMin.y
      value: 0
      objectReference: {fileID: 0}
    - target: {fileID: 3084609774239392226, guid: abf6d9ed5fb22ea41993dea3b58c3abe,
        type: 3}
      propertyPath: m_AnchorMax.x
      value: 1
      objectReference: {fileID: 0}
    - target: {fileID: 3084609774239392226, guid: abf6d9ed5fb22ea41993dea3b58c3abe,
        type: 3}
      propertyPath: m_AnchorMax.y
      value: 0
      objectReference: {fileID: 0}
    - target: {fileID: 3084609774239392226, guid: abf6d9ed5fb22ea41993dea3b58c3abe,
        type: 3}
      propertyPath: m_Pivot.x
      value: 1
      objectReference: {fileID: 0}
    - target: {fileID: 3084609774239392226, guid: abf6d9ed5fb22ea41993dea3b58c3abe,
        type: 3}
      propertyPath: m_Pivot.y
      value: 0
      objectReference: {fileID: 0}
    - target: {fileID: 3084609774239392224, guid: abf6d9ed5fb22ea41993dea3b58c3abe,
        type: 3}
      propertyPath: followCamera
      value: 
      objectReference: {fileID: 0}
    - target: {fileID: 3084609774239392224, guid: abf6d9ed5fb22ea41993dea3b58c3abe,
        type: 3}
      propertyPath: flyCamera
      value: 
      objectReference: {fileID: 0}
    m_RemovedComponents: []
  m_SourcePrefab: {fileID: 100100000, guid: abf6d9ed5fb22ea41993dea3b58c3abe, type: 3}
--- !u!224 &781711555231821960 stripped
RectTransform:
  m_CorrespondingSourceObject: {fileID: 3084609774239392226, guid: abf6d9ed5fb22ea41993dea3b58c3abe,
    type: 3}
  m_PrefabInstance: {fileID: 2312473870278693226}
  m_PrefabAsset: {fileID: 0}
--- !u!1001 &3714336316457277746
PrefabInstance:
  m_ObjectHideFlags: 0
  serializedVersion: 2
  m_Modification:
    m_TransformParent: {fileID: 343274086220870646}
    m_Modifications:
    - target: {fileID: 3983562260624356959, guid: 9a80f80858bcb5b44bd5fc48dcb00019,
        type: 3}
      propertyPath: m_Name
      value: RewardsPanel
      objectReference: {fileID: 0}
    - target: {fileID: 3983562260624356956, guid: 9a80f80858bcb5b44bd5fc48dcb00019,
        type: 3}
      propertyPath: m_LocalPosition.x
      value: 0
      objectReference: {fileID: 0}
    - target: {fileID: 3983562260624356956, guid: 9a80f80858bcb5b44bd5fc48dcb00019,
        type: 3}
      propertyPath: m_LocalPosition.y
      value: 0
      objectReference: {fileID: 0}
    - target: {fileID: 3983562260624356956, guid: 9a80f80858bcb5b44bd5fc48dcb00019,
        type: 3}
      propertyPath: m_LocalPosition.z
      value: 0
      objectReference: {fileID: 0}
    - target: {fileID: 3983562260624356956, guid: 9a80f80858bcb5b44bd5fc48dcb00019,
        type: 3}
      propertyPath: m_LocalRotation.x
      value: -0
      objectReference: {fileID: 0}
    - target: {fileID: 3983562260624356956, guid: 9a80f80858bcb5b44bd5fc48dcb00019,
        type: 3}
      propertyPath: m_LocalRotation.y
      value: -0
      objectReference: {fileID: 0}
    - target: {fileID: 3983562260624356956, guid: 9a80f80858bcb5b44bd5fc48dcb00019,
        type: 3}
      propertyPath: m_LocalRotation.z
      value: -0
      objectReference: {fileID: 0}
    - target: {fileID: 3983562260624356956, guid: 9a80f80858bcb5b44bd5fc48dcb00019,
        type: 3}
      propertyPath: m_LocalRotation.w
      value: 1
      objectReference: {fileID: 0}
    - target: {fileID: 3983562260624356956, guid: 9a80f80858bcb5b44bd5fc48dcb00019,
        type: 3}
      propertyPath: m_RootOrder
      value: 4
      objectReference: {fileID: 0}
    - target: {fileID: 3983562260624356956, guid: 9a80f80858bcb5b44bd5fc48dcb00019,
        type: 3}
      propertyPath: m_LocalEulerAnglesHint.x
      value: 0
      objectReference: {fileID: 0}
    - target: {fileID: 3983562260624356956, guid: 9a80f80858bcb5b44bd5fc48dcb00019,
        type: 3}
      propertyPath: m_LocalEulerAnglesHint.y
      value: 0
      objectReference: {fileID: 0}
    - target: {fileID: 3983562260624356956, guid: 9a80f80858bcb5b44bd5fc48dcb00019,
        type: 3}
      propertyPath: m_LocalEulerAnglesHint.z
      value: 0
      objectReference: {fileID: 0}
    - target: {fileID: 3983562260624356956, guid: 9a80f80858bcb5b44bd5fc48dcb00019,
        type: 3}
      propertyPath: m_AnchoredPosition.x
      value: 0
      objectReference: {fileID: 0}
    - target: {fileID: 3983562260624356956, guid: 9a80f80858bcb5b44bd5fc48dcb00019,
        type: 3}
      propertyPath: m_AnchoredPosition.y
      value: -268
      objectReference: {fileID: 0}
    - target: {fileID: 3983562260624356956, guid: 9a80f80858bcb5b44bd5fc48dcb00019,
        type: 3}
      propertyPath: m_SizeDelta.x
      value: 0
      objectReference: {fileID: 0}
    - target: {fileID: 3983562260624356956, guid: 9a80f80858bcb5b44bd5fc48dcb00019,
        type: 3}
      propertyPath: m_SizeDelta.y
      value: 0
      objectReference: {fileID: 0}
    - target: {fileID: 3983562260624356956, guid: 9a80f80858bcb5b44bd5fc48dcb00019,
        type: 3}
      propertyPath: m_AnchorMin.x
      value: 1
      objectReference: {fileID: 0}
    - target: {fileID: 3983562260624356956, guid: 9a80f80858bcb5b44bd5fc48dcb00019,
        type: 3}
      propertyPath: m_AnchorMin.y
      value: 1
      objectReference: {fileID: 0}
    - target: {fileID: 3983562260624356956, guid: 9a80f80858bcb5b44bd5fc48dcb00019,
        type: 3}
      propertyPath: m_AnchorMax.x
      value: 1
      objectReference: {fileID: 0}
    - target: {fileID: 3983562260624356956, guid: 9a80f80858bcb5b44bd5fc48dcb00019,
        type: 3}
      propertyPath: m_AnchorMax.y
      value: 1
      objectReference: {fileID: 0}
    - target: {fileID: 3983562260624356956, guid: 9a80f80858bcb5b44bd5fc48dcb00019,
        type: 3}
      propertyPath: m_Pivot.x
      value: 1
      objectReference: {fileID: 0}
    - target: {fileID: 3983562260624356956, guid: 9a80f80858bcb5b44bd5fc48dcb00019,
        type: 3}
      propertyPath: m_Pivot.y
      value: 1
      objectReference: {fileID: 0}
    m_RemovedComponents: []
  m_SourcePrefab: {fileID: 100100000, guid: 9a80f80858bcb5b44bd5fc48dcb00019, type: 3}
--- !u!224 &343274085988331374 stripped
RectTransform:
  m_CorrespondingSourceObject: {fileID: 3983562260624356956, guid: 9a80f80858bcb5b44bd5fc48dcb00019,
    type: 3}
  m_PrefabInstance: {fileID: 3714336316457277746}
  m_PrefabAsset: {fileID: 0}
--- !u!114 &343274085988331369 stripped
MonoBehaviour:
  m_CorrespondingSourceObject: {fileID: 3983562260624356955, guid: 9a80f80858bcb5b44bd5fc48dcb00019,
    type: 3}
  m_PrefabInstance: {fileID: 3714336316457277746}
  m_PrefabAsset: {fileID: 0}
  m_GameObject: {fileID: 0}
  m_Enabled: 1
  m_EditorHideFlags: 0
  m_Script: {fileID: 11500000, guid: b8dc345c03244a41949be6862f6e9072, type: 3}
  m_Name: 
  m_EditorClassIdentifier: 
--- !u!1001 &8959974872921724077
PrefabInstance:
  m_ObjectHideFlags: 0
  serializedVersion: 2
  m_Modification:
    m_TransformParent: {fileID: 343274086220870646}
    m_Modifications:
    - target: {fileID: 8690738207632518575, guid: 736d963f4cd7b4e4b8e0e2e1b881fbb8,
        type: 3}
      propertyPath: m_Name
      value: SpeciesSelectionPanel
      objectReference: {fileID: 0}
    - target: {fileID: 8690738207632518574, guid: 736d963f4cd7b4e4b8e0e2e1b881fbb8,
        type: 3}
      propertyPath: m_LocalPosition.x
      value: 0
      objectReference: {fileID: 0}
    - target: {fileID: 8690738207632518574, guid: 736d963f4cd7b4e4b8e0e2e1b881fbb8,
        type: 3}
      propertyPath: m_LocalPosition.y
      value: 0
      objectReference: {fileID: 0}
    - target: {fileID: 8690738207632518574, guid: 736d963f4cd7b4e4b8e0e2e1b881fbb8,
        type: 3}
      propertyPath: m_LocalPosition.z
      value: 0
      objectReference: {fileID: 0}
    - target: {fileID: 8690738207632518574, guid: 736d963f4cd7b4e4b8e0e2e1b881fbb8,
        type: 3}
      propertyPath: m_LocalRotation.x
      value: -0
      objectReference: {fileID: 0}
    - target: {fileID: 8690738207632518574, guid: 736d963f4cd7b4e4b8e0e2e1b881fbb8,
        type: 3}
      propertyPath: m_LocalRotation.y
      value: -0
      objectReference: {fileID: 0}
    - target: {fileID: 8690738207632518574, guid: 736d963f4cd7b4e4b8e0e2e1b881fbb8,
        type: 3}
      propertyPath: m_LocalRotation.z
      value: -0
      objectReference: {fileID: 0}
    - target: {fileID: 8690738207632518574, guid: 736d963f4cd7b4e4b8e0e2e1b881fbb8,
        type: 3}
      propertyPath: m_LocalRotation.w
      value: 1
      objectReference: {fileID: 0}
    - target: {fileID: 8690738207632518574, guid: 736d963f4cd7b4e4b8e0e2e1b881fbb8,
        type: 3}
      propertyPath: m_RootOrder
      value: 5
      objectReference: {fileID: 0}
    - target: {fileID: 8690738207632518574, guid: 736d963f4cd7b4e4b8e0e2e1b881fbb8,
        type: 3}
      propertyPath: m_LocalEulerAnglesHint.x
      value: 0
      objectReference: {fileID: 0}
    - target: {fileID: 8690738207632518574, guid: 736d963f4cd7b4e4b8e0e2e1b881fbb8,
        type: 3}
      propertyPath: m_LocalEulerAnglesHint.y
      value: 0
      objectReference: {fileID: 0}
    - target: {fileID: 8690738207632518574, guid: 736d963f4cd7b4e4b8e0e2e1b881fbb8,
        type: 3}
      propertyPath: m_LocalEulerAnglesHint.z
      value: 0
      objectReference: {fileID: 0}
    - target: {fileID: 8690738207632518574, guid: 736d963f4cd7b4e4b8e0e2e1b881fbb8,
        type: 3}
      propertyPath: m_AnchoredPosition.x
      value: 0
      objectReference: {fileID: 0}
    - target: {fileID: 8690738207632518574, guid: 736d963f4cd7b4e4b8e0e2e1b881fbb8,
        type: 3}
      propertyPath: m_AnchoredPosition.y
      value: 0
      objectReference: {fileID: 0}
    - target: {fileID: 8690738207632518574, guid: 736d963f4cd7b4e4b8e0e2e1b881fbb8,
        type: 3}
      propertyPath: m_SizeDelta.x
      value: 540
      objectReference: {fileID: 0}
    - target: {fileID: 8690738207632518574, guid: 736d963f4cd7b4e4b8e0e2e1b881fbb8,
        type: 3}
      propertyPath: m_SizeDelta.y
      value: 50
      objectReference: {fileID: 0}
    - target: {fileID: 8690738207632518574, guid: 736d963f4cd7b4e4b8e0e2e1b881fbb8,
        type: 3}
      propertyPath: m_AnchorMin.x
      value: 0
      objectReference: {fileID: 0}
    - target: {fileID: 8690738207632518574, guid: 736d963f4cd7b4e4b8e0e2e1b881fbb8,
        type: 3}
      propertyPath: m_AnchorMin.y
      value: 0
      objectReference: {fileID: 0}
    - target: {fileID: 8690738207632518574, guid: 736d963f4cd7b4e4b8e0e2e1b881fbb8,
        type: 3}
      propertyPath: m_AnchorMax.x
      value: 0
      objectReference: {fileID: 0}
    - target: {fileID: 8690738207632518574, guid: 736d963f4cd7b4e4b8e0e2e1b881fbb8,
        type: 3}
      propertyPath: m_AnchorMax.y
      value: 0
      objectReference: {fileID: 0}
    - target: {fileID: 8690738207632518574, guid: 736d963f4cd7b4e4b8e0e2e1b881fbb8,
        type: 3}
      propertyPath: m_Pivot.x
      value: 0
      objectReference: {fileID: 0}
    - target: {fileID: 8690738207632518574, guid: 736d963f4cd7b4e4b8e0e2e1b881fbb8,
        type: 3}
      propertyPath: m_Pivot.y
      value: 0
      objectReference: {fileID: 0}
    - target: {fileID: 8690738207632518610, guid: 736d963f4cd7b4e4b8e0e2e1b881fbb8,
        type: 3}
      propertyPath: energyConfigurationUi
      value: 
      objectReference: {fileID: 8344942972534270660}
    - target: {fileID: 8690738207632518610, guid: 736d963f4cd7b4e4b8e0e2e1b881fbb8,
        type: 3}
      propertyPath: reproductionConfigurationUi
      value: 
      objectReference: {fileID: 343274086096160738}
    - target: {fileID: 8690738207632518610, guid: 736d963f4cd7b4e4b8e0e2e1b881fbb8,
        type: 3}
      propertyPath: populationConfigurationUi
      value: 
      objectReference: {fileID: 2188826531324109912}
    - target: {fileID: 8690738207632518610, guid: 736d963f4cd7b4e4b8e0e2e1b881fbb8,
        type: 3}
      propertyPath: creatureAttributesConfigurationUi
      value: 
      objectReference: {fileID: 8344942973857665490}
    - target: {fileID: 8690738207632518610, guid: 736d963f4cd7b4e4b8e0e2e1b881fbb8,
        type: 3}
      propertyPath: rewardConfigurationUi
      value: 
      objectReference: {fileID: 343274085988331369}
    m_RemovedComponents: []
  m_SourcePrefab: {fileID: 100100000, guid: 736d963f4cd7b4e4b8e0e2e1b881fbb8, type: 3}
--- !u!224 &343274086412400899 stripped
RectTransform:
  m_CorrespondingSourceObject: {fileID: 8690738207632518574, guid: 736d963f4cd7b4e4b8e0e2e1b881fbb8,
    type: 3}
  m_PrefabInstance: {fileID: 8959974872921724077}
  m_PrefabAsset: {fileID: 0}
